<?xml version="1.0" encoding="UTF-8"?><collection xmlns="http://www.loc.gov/MARC21/slim"><record><leader>00593nam--2200181-u-4500</leader><controlfield tag="001">000053276</controlfield><controlfield tag="002">20161230</controlfield><controlfield tag="005">20161230201051</controlfield><controlfield tag="008">110118s1000------------r-----000-0-fre-d</controlfield><datafield ind1=" " ind2=" " tag="040"><subfield code="a">IFIN-HH</subfield></datafield><datafield ind1=" " ind2=" " tag="041"><subfield code="a">fre</subfield></datafield><datafield ind1=" " ind2=" " tag="080"><subfield code="a">533.9.07(043)</subfield></datafield><datafield ind1="1" ind2=" " tag="100"><subfield code="a">Nugues, Pierre</subfield></datafield><datafield ind1="1" ind2="0" tag="245"><subfield code="a">Analyse experimentale des correlations entre les propriete du plasma d'expansion d'un duoplasmatron et les qualites otiques du faisceau d'ions extrait</subfield><subfield code="b">These</subfield><subfield code="c">Pierre nugues</subfield></datafield><datafield ind1=" " ind2=" " tag="260"><subfield code="a">Paris</subfield><subfield code="b">Univeriste Pierre Et Marie Curie</subfield><subfield code="c">1980</subfield></datafield><datafield ind1=" " ind2=" " tag="300"><subfield code="a">153P</subfield></datafield><datafield ind1=" " ind2=" " tag="852"><subfield code="a">70637</subfield><subfield code="c">533.9</subfield></datafield><datafield ind1=" " ind2=" " tag="CAT"><subfield code="a">Sys</subfield><subfield code="c">20110118</subfield><subfield code="h">134101</subfield></datafield></record></collection>